@article{CYK1,
author = {Zanzotto, Fabio Massimo and Satta, Giorgio and Cristini, Giordano},
year = {2020},
month = {10},
pages = {262},
title = {CYK Parsing over Distributed Representations},
volume = {13},
journal = {Algorithms},
doi = {10.3390/a13100262}
}